@misc{Bautista_Pereira_Adenso-Diaz_2007, title={A GRASP approach for the extended car sequencing problem}, volume={11}, url={http://dx.doi.org/10.1007/s10951-007-0046-4}, DOI={10.1007/s10951-007-0046-4}, number={1}, journal={Journal of Scheduling}, publisher={Springer Science and Business Media LLC}, author={Bautista, Joaquín and Pereira, Jordi and Adenso-Díaz, Belarmino}, year={2007}, month={Nov}, pages={3–16} }

@misc{Oliveira_dos_Reis_2007, title={Solving the Car Sequencing Problem from a Multiobjective Perspective}, author={de Oliveira dos Reis, Ricardo José}
}, year={2007}, month={Dec} }

@misc{Solnon_Cung_Nguyen_Artigues_2008, title={The car sequencing problem: Overview of state-of-the-art methods and industrial case-study of the ROADEF’2005 challenge problem}, volume={191}, url={http://dx.doi.org/10.1016/j.ejor.2007.04.033}, DOI={10.1016/j.ejor.2007.04.033}, number={3}, journal={European Journal of Operational Research}, publisher={Elsevier BV}, author={Solnon, Christine and Cung, Van Dat and Nguyen, Alain and Artigues, Christian}, year={2008}, month={Dec}, pages={912–927} }

@misc{Smith96succeed-firstor,
    author = {Barbara M. Smith},
    title = {Succeed-first or Fail-first: A Case Study in Variable and Value Ordering},
    year = {1996}
}

@misc{Parrello_Kabat_Wos_1986, title={Job-shop scheduling using automated reasoning: A case study of the car-sequencing problem}, volume={2}, url={http://dx.doi.org/10.1007/BF00246021}, DOI={10.1007/bf00246021}, number={1}, journal={Journal of Automated Reasoning}, publisher={Springer Science and Business Media LLC}, author={Parrello, BruceD. and Kabat, WaldoC. and Wos, L.}, year={1986} }

@misc{Gottlieb_Puchta_Solnon_2003, title={A Study of Greedy, Local Search, and Ant Colony Optimization Approaches for Car Sequencing Problems}, url={http://dx.doi.org/10.1007/3-540-36605-9_23}, DOI={10.1007/3-540-36605-9_23}, journal={Lecture Notes in Computer Science}, publisher={Springer Berlin Heidelberg}, author={Gottlieb, Jens and Puchta, Markus and Solnon, Christine}, year={2003}, pages={246–257} }